%%% Bibliography WWW 2014

